@Misc{dron1,
  author = 	 {Cuerno, C.},
  title = 	 {Origen y desarrollo de los Sistemas de Aeronaves Pilotadas por Control Remoto},
  howpublished = {\url{http://www.fenercom.com/pdf/publicaciones/Los-Drones-y-sus-aplicaciones-a-la-ingenieria-civil-fenercom-2015.pdf}},
  year = 	 {2015},
  note =         {E.T.S.I. Aeronáuticos, Universidad Politécnica de Madrid},
}

@Article{sosdrone,
  author = 	 {Platón, N.},
  title = 	 {{SOS DRONE}: Un dron para emergencias},
  journal =      {La Razón},
  month =        {Diciembre},
  year = 	 {2013},
}

@Book{pressman,
  author = 	 {Pressman, R.},
  title = 	 {Ingeniería del software: Un enfoque práctico},
  publisher = 	 {McGrawhill},
  year = 	 {1998},
}

@Book{ingsoftware,
  author = 	 {Alonso, F. and Martínez, L and Segovia, F.J.},
  title = 	 {Introducción a la ingeniería del software: Modelos de desarrollo de programas},
  publisher = 	 {DELTA},
  year = 	 {2005},
}

@Misc{cuotamercado,
  author = 	 {Peasgood, S. and Valentin, M.},
  title = 	 {Drones: A rising market},
  howpublished = {\url{http://sophiccapital.com/wp-content/uploads/2015/09/Download-Sophic-Capitals-Aerial-Drone-Report-Here.pdf}},
  month =        {Septiembre},
  year = 	 {2015},
  note =         {Sophic Capital},
}

@Misc{desastres,
  author = 	 {Yanguas, G. and Rivera, E. and Esteban, V. and David, R.},
  title = 	 {Perfil ambiental de {E}spaña 2014},
  howpublished = {\url{http://www.magrama.gob.es/es/calidad-y-evaluacion-ambiental/publicaciones/02_18_tcm7-361769.pdf}},
  year = 	 {2015},
  note =         {Dirección General de Calidad y Evaluación Ambiental y Medio Natural, Ministerio de Agricultura, Alimentación y Medio Ambiente},
}

@Article{tiempomenor,
  author = 	 {Cobo, A.},
  title = 	 {El dron socorrista de Isla},
  journal =      {El Diario Montañés},
  month =        {Julio},
  year = 	 {2015},
}

@book{notripulados,
	author = {{C}entro {S}uperior de {E}studios de la {D}efensa {N}acional ({E}spaña)},
	series = {Documentos de Seguridad y Defensa / Centro Superior de Estudios de la Defensa Nacional},
	title = {Los sistemas no tripulados},
	publisher = {Ministerio de Defensa, Subdirección General de Publicaciones},
	year = {2012}
}

@Misc{aumento,
  author = 	 {Gutierres, A.},
  title = 	 {Cambio climático, desastres naturales y desplazamiento humano: la perspectiva del {ACNUR}},
  howpublished = {\url{http://www.acnur.org/t3/fileadmin/Documentos/BDL/2009/6936.pdf?view=1}},
  month =        {Agosto},
  year = 	 {2009},
  note =         {Alto Comisionado de Naciones Unidas para los Refugiados},
}
