@Book{design_patterns,
  key =          {GoF},
  author = 	 {E. Gamma and R. Helm and R. Johnson and J. Vlissides},
  title = 	 {Dessign Patterns},
  publisher = 	 {Addison-Wesley},
  year = 	 {1996},
}

@Book{puder05:_distr_system_archit,
  author =	{A. Puder and K. Römer and F. Pilhofer},
  title = 	{Distributed Systems Architecture: A Middleware Approach},
  publisher = 	{Morgan Kaufman},
  year = 	{2005}
}

@Book{sousa,
  author = 	 {{Martínez de Sousa}, J.},
  title = 	 {Ortografía y ortotipografía del español actual},
  publisher = 	 {Trea},
  year = 	 {2008},
}

@Misc{UAV,
  title = 	 {Dictionary of military and associated terms},
  month =        {Agosto},
  year = 	 {2005},
  note =         {{D}epartamento de {D}efensa de los {E}stados {U}nidos},
  howpublished = {\url{http://www.bits.de/NRANEU/others/jp-doctrine/jp1_02(05).pdf}},
}

@InCollection{dron1,
  author = 	 {Cuerno, C.},
  booktitle = 	 {Los drones y sus aplicaciones a la ingeniería civil},
  title =        {Capítulo 1: Origen y desarrollo de los sistemas de aeronaves pilotadas por control remoto},
  year = 	 {2015},
  note =         {E.T.S.I. Aeronáuticos, Universidad Politécnica de Madrid}
}

@InCollection{dron2,
  author = 	 {Oñate, M.},
  booktitle = 	 {Los drones y sus aplicaciones a la ingeniería civil},
  title =        {Capítulo 3: Tipología de aeronaves pilotadas por control remoto},
  year = 	 {2015},
  note =         {USOL - Unmanned Solutions}
}

@Misc{OACI,
  title = 	 {Sistemas de aeronaves no tripuladas (\acs{UAS})},
  year = 	 {2011},
  note =         {Organización de Aviación Civil Internacional, Circular OACI 328-AN/190},
  howpublished = {\url{http://www.icao.int/Meetings/UAS/Documents/Circular\%20328_es.pdf}},
}

@Misc{AERPAS,
  author =	 {Oñate, M.},
  title = 	 {Tipología de los \acs{RPAS}},
  year = 	 {2014},
  month =	 {Junio},
  note =         {Asociación Española de \acs{RPAS}},
  howpublished = {\url{http://www.aerpas.es/wp-content/uploads/2015/08/20140630-AERPAS-Tipolog\%C3\%ADa-de-RPAS.pdf}},
}

@Misc{cuotamercado,
  author = 	 {Peasgood, S. and Valentin, M.},
  title = 	 {Drones: A rising market},
  howpublished = {\url{http://sophiccapital.com/wp-content/uploads/2015/09/Download-Sophic-Capitals-Aerial-Drone-Report-Here.pdf}},
  month =        {Septiembre},
  year = 	 {2015},
  note =         {Sophic Capital},
}

@Misc{arducopter,
  author = 	 {Romero, A.},
  title = 	 {Revisión y modificación del firmware de libre acceso arduCopter para su uso en el proyecto AirWhale},
  howpublished = {\url{http://bibing.us.es/proyectos/abreproy/90411/fichero/Memoria+Alejandro+Romero+Gal\%C3\%A1n.pdf+}},
  year = 	 {2015},
  note =         {Departamento de Ingeniería de Sistemas y Automática, Escuela Técnica Superior de Ingeniería Universidad de Sevilla},
}

@Misc{dronekit,
  author = 	 {Lockman, A. and Tighe, G. and Tucker, H.},
  title = 	 {De-Mining with UAVs},
  howpublished = {\url{https://www.wpi.edu/Pubs/E-project/Available/E-project-031216-112944/unrestricted/de-mining-with-uavs.pdf}},
  note =         {Robotics Engineering Program, Worcester Polytechnic Institute},
}

@Misc{opencv,
  author = 	 {Arevalo, V. and González, J. and Ambrosio, G.},
  title = 	 {La librería de visión artificial OpenCV. Aplicación a la docencia e investigación},
  howpublished = {\url{http://mapir.isa.uma.es/varevalo/drafts/arevalo2004lva1.pdf}},
  note =         {Departamento De Ingeniería de Sistemas y Automática, Universidad de Málaga},
}

@Misc{3driris,
  author = 	 {Deffree, S.},
  title = 	 {8 open-source holiday gifts},
  howpublished = {\url{http://www.edn.com/electronics-blogs/the-workbench/4438049/6/8-open-source-holiday-gifts}},
  month =        {Diciembre},
  year =         {2014},
  note =         {EDN Network},
}

@Manual{especifaciones3dr,
  title = 	 {IRIS+: Operation manual},
  organization = {3D Robotics},
  year =         {2015},
}
